%
% references.bib -- Bibliography file for the paper geodaeten
%
% (c) 2020 Autor, Hochschule Rapperswil
%

@online{geodaeten:bibtex,
	title = {BibTeX},
	url = {https://de.wikipedia.org/wiki/BibTeX},
	date = {2020-02-06},
	year = {2020},
	month = {2},
	day = {6}
}

@book{geodaeten:numerical-analysis,
	title = {Numerical Analysis},
	author = {David Kincaid and Ward Cheney},
	publisher = {American Mathematical Society},
	year = {2002},
	isbn = {978-8-8218-4788-6},
	inseries = {Pure and applied undegraduate texts},
	volume = {2}
}

@article{geodaeten:mendezmueller,
        author = { Tabea Méndez and Andreas Müller },
        title = { Noncommutative harmonic analysis and image registration },
        journal = { Appl. Comput. Harmon. Anal.},
        year = 2019,
        volume = 47,
        pages = {607--627},
        url = {https://doi.org/10.1016/j.acha.2017.11.004}
}

@online{geodaeten:polarkoordinaten,
	title = {Polarkoordinaten},
	url = {https://de.m.wikipedia.org/wiki/Polarkoordinaten#Zylinderkoordinaten},
	date = {2024-05-03},
	year = {2024},
	month = {5},
	day = {3}
}

@online{geodaeten:kartesisch,
	title = {Berechnung der Bogenlänge},
	url = {https://www.matheretter.de/wiki/berechnung-bogenlange},
	date = {},
	year = {},
	month = {},
	day = {}
}

@online{geodaeten:Kugelkoordinaten,
	title = {Kugelkoordinaten},
	url = {https://de.wikipedia.org/wiki/Kugelkoordinaten},
	date = {2015-07-15},
	year = {2015},
	month = {07},
	day = {15}
}
@online{geodaeten:Längengrade,
	title = {Längengrade},
	url = {https://de.wikipedia.org/wiki/Geographische_Länge},
	date = {2011-03-24},
	year = {2011},
	month = {03},
	day = {24}
}
@online{geodaeten:Breitengrade,
	title = {Breitengrade},
	url = {https://de.wikipedia.org/wiki/Geographische_Breite},
	date = {2011-03-27},
	year = {2011},
	month = {03},
	day = {27}
}

@online{geodaeten:Geodäte,
	title = {Geodäte},
	url = {https://de.wikipedia.org/wiki/Geodäte},
	date = {2024-08-26},
	year = {2024},
	month = {08},
	day = {26}
}