%
% references.bib -- Bibliography file for the paper relativ
%
% (c) 2020 Autor, Hochschule Rapperswil
%

@online{relativ:bibtex,
	title = {BibTeX},
	url = {https://de.wikipedia.org/wiki/BibTeX},
	date = {2020-02-06},
	year = {2020},
	month = {2},
	day = {6}
}

@book{relativ:numerical-analysis,
	title = {Numerical Analysis},
	author = {David Kincaid and Ward Cheney},
	publisher = {American Mathematical Society},
	year = {2002},
	isbn = {978-8-8218-4788-6},
	inseries = {Pure and applied undegraduate texts},
	volume = {2}
}

@article{relativ:mendezmueller,
        author = { Tabea Méndez and Andreas Müller },
        title = { Noncommutative harmonic analysis and image registration },
        journal = { Appl. Comput. Harmon. Anal.},
        year = 2019,
        volume = 47,
        pages = {607--627},
        url = {https://doi.org/10.1016/j.acha.2017.11.004}
}

@book{relativ:landau,
	title = {Klassische Feldtheorie},
	author = {L. D. Landau and E. M. Lifschitz},
	publisher = {Akademie Verlag},
	year = {1992},
	isbn = {3-05-501550-9},
	inseries = {Lehrbuch der theoretischen Physik},
	volume = {2}
}
