%
% references.bib -- Bibliography file for the paper antennen
%
% (c) 2020 Autor, Hochschule Rapperswil
%

@online{antennen:bibtex,
	title = {BibTeX},
	url = {https://de.wikipedia.org/wiki/BibTeX},
	date = {2020-02-06},
	year = {2020},
	month = {2},
	day = {6}
}

@book{antennen:numerical-analysis,
	title = {Numerical Analysis},
	author = {David Kincaid and Ward Cheney},
	publisher = {American Mathematical Society},
	year = {2002},
	isbn = {978-8-8218-4788-6},
	inseries = {Pure and applied undegraduate texts},
	volume = {2}
}

@article{antennen:mendezmueller,
        author = { Tabea Méndez and Andreas Müller },
        title = { Noncommutative harmonic analysis and image registration },
        journal = { Appl. Comput. Harmon. Anal.},
        year = 2019,
        volume = 47,
        pages = {607--627},
        url = {https://doi.org/10.1016/j.acha.2017.11.004}
}

@book{antennen:antennaTheory,
	title={Antenna Theory: Analysis and Design},
	author={Balanis, C.A.},
	isbn={9781118642061},
	lccn={2018468533},
	url={https://books.google.ch/books?id=iFEBCgAAQBAJ},
	year={2016},
	publisher={Wiley}
}

@online{antennen:codeKoeff,
	title = {Code zur Berechnung der $n$ Koeffizienten von $y_n$},
	url = {https://github.com/AndreasFMueller/SeminarVariation/blob/master/buch/papers/antennen/code/VerfahrenNachRitzKoeffGradVerfahren.ipynb},
	date = {2024-08-12},
	year = {2024},
	month = {8},
	day = {12}
}

@online{antennen:codeAbleitung,
	title = {Code zur Lösung des Gleichungssystems \eqref{antennen:Ableitung}},
	url = {https://github.com/AndreasFMueller/SeminarVariation/blob/master/buch/papers/antennen/code/ResultatGlSysAbleitung.ipynb},
	date = {2024-08-12},
	year = {2024},
	month = {8},
	day = {12}
}

